
% PIPE DREAMS, SUBWORD COMPLEXES

@book {bjorner_coxeterGroups_2005,
    AUTHOR = {Bj\"{o}rner, Anders and Brenti, Francesco},
     TITLE = {Combinatorics of {C}oxeter groups},
    SERIES = {Graduate Texts in Mathematics},
    VOLUME = {231},
 PUBLISHER = {Springer, New York},
      YEAR = {2005},
     PAGES = {xiv+363},
      ISBN = {978-3540-442387; 3-540-44238-3},
}

@book{humphreys_reflectionGroups_1990, 
place={Cambridge}, 
series={Cambridge Studies in Advanced Mathematics}, 
title={Reflection Groups and Coxeter Groups}, 
DOI={10.1017/CBO9780511623646}, 
publisher={Cambridge University Press}, 
author={Humphreys, James E.}, 
year={1990}, 
collection={Cambridge Studies in Advanced Mathematics}
}

@article {rubey_maximal_2012,
    AUTHOR = {Rubey, Martin},
     TITLE = {Maximal {$0$}-{$1$}-fillings of moon polyominoes with
              restricted chain lengths and rc-graphs},
   JOURNAL = {Adv. in Appl. Math.},
  FJOURNAL = {Advances in Applied Mathematics},
    VOLUME = {48},
      YEAR = {2012},
    NUMBER = {2},
     PAGES = {290--305},
      ISSN = {0196-8858},
   MRCLASS = {05B50 (05A19 05E05 06A07)},
  MRNUMBER = {2873877},
       DOI = {10.1016/j.aam.2011.05.005},
       URL = {https://doi.org/10.1016/j.aam.2011.05.005},
}

@unpublished{jahn_bruhat_2021,
	AUTHOR = {Jahn, Dennis and Stump, Christian},
	TITLE = {Bruhat intervals, subword complexes and brick polyhedra for finite Coxeter groups},
	NOTE = {Preprint, \href{https://arxiv.org/abs/2103.03715}{\texttt{arXiv:2103.03715}}},
	YEAR = {2021},
}




@article {knutson_subword_2004,
    AUTHOR = {Knutson, Allen and Miller, Ezra},
     TITLE = {Subword complexes in {C}oxeter groups},
   JOURNAL = {Adv. Math.},
  FJOURNAL = {Advances in Mathematics},
    VOLUME = {184},
      YEAR = {2004},
    NUMBER = {1},
     PAGES = {161--176},
      ISSN = {0001-8708},
   MRCLASS = {20F55 (05E05 05E15 05E25 13F55)},
  MRNUMBER = {2047852},
MRREVIEWER = {Jian-yi Shi},
       DOI = {10.1016/S0001-8708(03)00142-7},
       URL = {https://doi.org/10.1016/S0001-8708(03)00142-7},
}

@incollection {pilaud_el_labelling_2013,
    AUTHOR = {Pilaud, Vincent and Stump, Christian},
     TITLE = {E{L}-labelings and canonical spanning trees for subword
              complexes},
 BOOKTITLE = {Discrete geometry and optimization},
    SERIES = {Fields Inst. Commun.},
    VOLUME = {69},
     PAGES = {213--248},
 PUBLISHER = {Springer, New York},
      YEAR = {2013},
   MRCLASS = {05C05 (06A07 20F55 68R05)},
  MRNUMBER = {3156785},
       DOI = {10.1007/978-3-319-00200-2\_13},
       URL = {https://doi.org/10.1007/978-3-319-00200-2_13},
}

@unpublished{pilaud_greedy_2012,
	AUTHOR = {Pilaud, Vincent},
	TITLE = {The greedy flip tree of a subword complex},
	NOTE = {Preprint, \href{https://arxiv.org/abs/1203.2323}{\texttt{arXiv:1203.2323}}},
	YEAR = {2012},
}


@article {BergeronBilley,
	AUTHOR = {Nantel Bergeron and Sara Billey},
	TITLE = {RC-Graphs and Schubert Polynomials},
	JOURNAL = {J. of Experimental Math.},
	VOLUME = {4},
	YEAR = {1993},
	PAGES = {257--269},
}

@incollection {PilaudStump-ELlabelings,
	AUTHOR = {Vincent Pilaud and Christian Stump},
	TITLE = {EL-labelings and canonical spanning trees for subword complexes},
	BOOKTITLE = {Discrete Geometry and Optimization},
	PUBLISHER = {Springer},
	SERIES = {Fields Institute Communications Series},
	VOLUME = {69},
	EDITOR = {Karoly~Bezdek and Antoine~Deza and Yinyu~Ye},
	YEAR = {2013},
	PAGES = {213--248},
}

@article {PilaudPocchiola,
	AUTHOR = {Vincent Pilaud and Michel Pocchiola},
	TITLE = {Multitriangulations, pseudotriangulations and primitive sorting networks},
	JOURNAL = {Discrete Comput. Geom.},
	FJOURNAL = {Discrete \& Computational Geometry. An International Journal of Mathematics and Computer Science},
	VOLUME = {48},
	YEAR = {2012},
	NUMBER = {1},
	PAGES = {142--191},
}

@article {PilaudSantos-multitriangulations,
	AUTHOR = {Vincent~Pilaud and Francisco~Santos},
	TITLE = {Multitriangulations as complexes of star polygons},
	JOURNAL = {Discrete~Comput.~Geom.},
	FJOURNAL = {Discrete \& Computational Geometry. An International Journal of Mathematics and Computer Science},
	VOLUME = {41},
	YEAR = {2009},
	NUMBER = {2},
	PAGES = {284--317},
}

@article {Stump,
	AUTHOR = {Christian~Stump},
	TITLE = {A new perspective on $k$-triangulations},
	JOURNAL = {J. Combin. Theory Ser. A},
	FJOURNAL = {Journal of Combinatorial Theory. Series A },
	VOLUME = {118},
	YEAR = {2011},
	NUMBER = {6},
	PAGES = {1794--1800},
}

@unpublished{Woo,
	AUTHOR = {Alexander Woo},
	TITLE = {Catalan numbers and Schubert polynomials for $w = 1 (n+1) \dots 2$},
	NOTE = {Preprint, \href{http://arxiv.org/abs/math/0407160}{\texttt{arXiv:math/0407160}}},
	YEAR = {2004},
}

@phdthesis{Pilaud-these,
	AUTHOR = {Vincent Pilaud},
	TITLE = {Multitriangulations, pseudotriangulations and some problems of realization of polytopes},
	SCHOOL = {Universit\'e Paris 7 \& Universidad de Cantabria},
	NOTE = {Available online \href{http://arxiv.org/abs/1009.1605}{\texttt{arXiv:1009.1605}}},
	YEAR = {2010},
}

@article{KnutsonMiller-GroebnerGeometry,
	AUTHOR = {Knutson, Allen and Miller, Ezra},
	TITLE = {Gr\"obner geometry of {S}chubert polynomials},
	JOURNAL = {Ann. of Math. (2)},
	FJOURNAL = {Annals of Mathematics. Second Series},
	NUMBER = {3},
	PAGES = {1245--1318},
	VOLUME = {161},
	YEAR = {2005},
}

@article {CeballosLabbeStump,
	AUTHOR = {Ceballos, Cesar and Labb{\'e}, Jean-Philippe and Stump, Christian},
	TITLE = {Subword complexes, cluster complexes, and generalized multi-associahedra},
	JOURNAL = {J. Algebraic Combin.},
	FJOURNAL = {Journal of Algebraic Combinatorics. An International Journal},
	VOLUME = {39},
	YEAR = {2014},
	NUMBER = {1},
	PAGES = {17--51},
}

@article {PilaudStump-brickPolytope,
	AUTHOR = {Vincent Pilaud and Christian Stump},
	TITLE = {Brick polytopes of spherical subword complexes and generalized associahedra},
	JOURNAL = {Adv. Math.},
	FJOURNAL = {Advances in Mathematics},
	VOLUME = {276},
	YEAR = {2015},
	PAGES = {1--61},
}

@article {Pilaud-brickAlgebra,
	AUTHOR = {Vincent Pilaud},
	TITLE = {Brick polytopes, lattice quotients, and {H}opf algebras},
	JOURNAL = {J. Combin. Theory Ser. A},
	FJOURNAL = {Journal of Combinatorial Theory. Series A},
	VOLUME = {155},
	YEAR = {2018},
	PAGES = {418--457},
}

% CAMBRIAN LATTICES AND FANS

@article {Reading-latticeCongruences,
	AUTHOR = {Nathan~Reading},
	TITLE = {Lattice congruences of the weak order},
	JOURNAL = {Order},
	FJOURNAL = {Order. A Journal on the Theory of Ordered Sets and its Applications},
	VOLUME = {21},
	YEAR = {2004},
	NUMBER = {4},
	PAGES = {315--344},
}

@article {Reading-cambrianLattices,
	AUTHOR = {Nathan~Reading},
	TITLE = {Cambrian lattices},
	JOURNAL = {Adv.~Math.},
	FJOURNAL = {Advances in Mathematics},
	VOLUME = {205},
	YEAR = {2006},
	NUMBER = {2},
	PAGES = {313--353},
}

@article {Reading-sortableElements,
	AUTHOR = {Nathan~Reading},
	TITLE = {Sortable elements and {C}ambrian lattices},
	JOURNAL = {Algebra Universalis},
	FJOURNAL = {Algebra Universalis},
	VOLUME = {56},
	YEAR = {2007},
	NUMBER = {3-4},
	PAGES = {411--437},
}

@article {ReadingSpeyer,
	AUTHOR = {Nathan~Reading and David~E.~Speyer},
	TITLE = {Cambrian fans},
	JOURNAL = {J.~Eur.~Math.~Soc.},
	FJOURNAL = {Journal of the European Mathematical Society (JEMS)},
	VOLUME = {11},
	YEAR = {2009},
	NUMBER = {2},
	PAGES = {407--447}
}

% INTEGER POSETS

@article{BjornerWachs,
	AUTHOR = {Bj{\"o}rner, Anders and Wachs, Michelle L.},
	FJOURNAL = {Journal of Combinatorial Theory. Series A},
	JOURNAL = {J. Combin. Theory Ser. A},
	NUMBER = {1},
	PAGES = {85--114},
	TITLE = {Permutation statistics and linear extensions of posets},
	VOLUME = {58},
	YEAR = {1991}
}

@article {ChatelPilaudPons,
	AUTHOR = {Chatel, Gr\'egory and Pilaud, Vincent and Pons, Viviane},
	TITLE = {The weak order on integer posets},
	JOURNAL = {Algebraic Combinatorics},
	PUBLISHER = {MathOA foundation},
	VOLUME = {2},
	NUMBER = {1},
	YEAR = {2019},
	PAGES = {1--48},
}

% OTHERS

@unpublished {OEIS,
  	KEY = {{OEIS}},
	TITLE = {The {O}n-{L}ine {E}ncyclopedia of {I}nteger {S}equences},
	NOTE = {Published electronically at \url{http://oeis.org}},
	YEAR = {2010},
}

% HOPF ALGEBRAS

@incollection {Viennot,
	AUTHOR = {Xavier Viennot},
	TITLE = {Catalan tableaux and the asymmetric exclusion process},
	BOOKTITLE = {19th {I}nternational {C}onference on {F}ormal {P}ower {S}eries and {A}lgebraic {C}ombinatorics ({FPSAC} 2007)},
	YEAR = {2007},
}

@article {Loday,
	AUTHOR = {Jean-Louis~Loday},
	TITLE = {Realization of the {S}tasheff polytope},
	JOURNAL = {Arch.~Math.~(Basel)},
	FJOURNAL = {Archiv der Mathematik},
	VOLUME = {83},
	YEAR = {2004},
	NUMBER = {3},
	PAGES = {267--278},
}

@article {LodayRonco,
	AUTHOR = {Loday, Jean-Louis and Ronco, Mar{\'{\i}}a O.},
	TITLE = {Hopf algebra of the planar binary trees},
	JOURNAL = {Adv. Math.},
	FJOURNAL = {Advances in Mathematics},
	VOLUME = {139},
	YEAR = {1998},
	NUMBER = {2},
	PAGES = {293--309},
}
